% Encoding: UTF-8
@inproceedings{green1961baseball,
  title={Baseball: an automatic question-answerer},
  author={Green Jr, Bert F and Wolf, Alice K and Chomsky, Carol and Laughery, Kenneth},
  booktitle={Papers presented at the May 9-11, 1961, western joint IRE-AIEE-ACM computer conference},
  pages={219--224},
  year={1961}
}

@article{vaswani2017attention,
  title={Attention is all you need},
  author={Vaswani, Ashish and Shazeer, Noam and Parmar, Niki and Uszkoreit, Jakob and Jones, Llion and Gomez, Aidan N and Kaiser, Lukasz and Polosukhin, Illia},
  journal={arXiv preprint arXiv:1706.03762},
  year={2017}
}

@article{devlin2018bert,
  title={Bert: Pre-training of deep bidirectional transformers for language understanding},
  author={Devlin, Jacob and Chang, Ming-Wei and Lee, Kenton and Toutanova, Kristina},
  journal={arXiv preprint arXiv:1810.04805},
  year={2018}
}

@inproceedings{yang2020beyond,
  title={Beyond 512 Tokens: Siamese Multi-depth Transformer-based Hierarchical Encoder for Long-Form Document Matching},
  author={Yang, Liu and Zhang, Mingyang and Li, Cheng and Bendersky, Michael and Najork, Marc},
  booktitle={Proceedings of the 29th ACM International Conference on Information \& Knowledge Management},
  pages={1725--1734},
  year={2020}
}

@article{chen2017reading,
  title={Reading wikipedia to answer open-domain questions},
  author={Chen, Danqi and Fisch, Adam and Weston, Jason and Bordes, Antoine},
  journal={arXiv preprint arXiv:1704.00051},
  year={2017}
}

@article{karpukhin2020dense,
  title={Dense passage retrieval for open-domain question answering},
  author={Karpukhin, Vladimir and O{\u{g}}uz, Barlas and Min, Sewon and Lewis, Patrick and Wu, Ledell and Edunov, Sergey and Chen, Danqi and Yih, Wen-tau},
  journal={arXiv preprint arXiv:2004.04906},
  year={2020}
}

@article{xiong2020progressively,
  title={Progressively pretrained dense corpus index for open-domain question answering},
  author={Xiong, Wenhan and Wang, Hong and Wang, William Yang},
  journal={arXiv preprint arXiv:2005.00038},
  year={2020}
}

@article{zhu2021retrieving,
  title={Retrieving and Reading: A Comprehensive Survey on Open-domain Question Answering},
  author={Zhu, Fengbin and Lei, Wenqiang and Wang, Chao and Zheng, Jianming and Poria, Soujanya and Chua, Tat-Seng},
  journal={arXiv preprint arXiv:2101.00774},
  year={2021}
}

@article{kwiatkowski2019natural,
  title={Natural questions: a benchmark for question answering research},
  author={Kwiatkowski, Tom and Palomaki, Jennimaria and Redfield, Olivia and Collins, Michael and Parikh, Ankur and Alberti, Chris and Epstein, Danielle and Polosukhin, Illia and Devlin, Jacob and Lee, Kenton and others},
  journal={Transactions of the Association for Computational Linguistics},
  volume={7},
  pages={453--466},
  year={2019},
  publisher={MIT Press}
}

@inproceedings{kupiec1993murax,
  title={MURAX: A robust linguistic approach for question answering using an on-line encyclopedia},
  author={Kupiec, Julian},
  booktitle={Proceedings of the 16th annual international ACM SIGIR conference on Research and development in information retrieval},
  pages={181--190},
  year={1993}
}

@article{min2019knowledge,
  title={Knowledge guided text retrieval and reading for open domain question answering},
  author={Min, Sewon and Chen, Danqi and Zettlemoyer, Luke and Hajishirzi, Hannaneh},
  journal={arXiv preprint arXiv:1911.03868},
  year={2019}
}

@inproceedings{voorhees1999trec,
  title={The TREC-8 question answering track report},
  author={Voorhees, Ellen M and others},
  booktitle={Trec},
  volume={99},
  pages={77--82},
  year={1999},
  organization={Citeseer}
}

@article{wang2019multi,
  title={Multi-passage bert: A globally normalized bert model for open-domain question answering},
  author={Wang, Zhiguo and Ng, Patrick and Ma, Xiaofei and Nallapati, Ramesh and Xiang, Bing},
  journal={arXiv preprint arXiv:1908.08167},
  year={2019}
}

@article{mao2021reader,
  title={Reader-Guided Passage Reranking for Open-Domain Question Answering},
  author={Mao, Yuning and He, Pengcheng and Liu, Xiaodong and Shen, Yelong and Gao, Jianfeng and Han, Jiawei and Chen, Weizhu},
  journal={arXiv preprint arXiv:2101.00294},
  year={2021}
}

@article{lee2019latent,
  title={Latent retrieval for weakly supervised open domain question answering},
  author={Lee, Kenton and Chang, Ming-Wei and Toutanova, Kristina},
  journal={arXiv preprint arXiv:1906.00300},
  year={2019}
}

@article{guu2020realm,
  title={Realm: Retrieval-augmented language model pre-training},
  author={Guu, Kelvin and Lee, Kenton and Tung, Zora and Pasupat, Panupong and Chang, Ming-Wei},
  journal={arXiv preprint arXiv:2002.08909},
  year={2020}
}

@article{wang2017rtheta3,
  title={R$\Theta$3: Reinforced reader-ranker for open-domain question answering},
  author={Wang, Shuohang and Yu, Mo and Guo, Xiaoxiao and Wang, Zhiguo and Klinger, Tim and Zhang, Wei and Chang, Shiyu and Tesauro, Gerald and Zhou, Bowen and Jiang, Jing},
  journal={arXiv preprint arXiv:1709.00023},
  year={2017}
}

@article{min2020ambigqa,
  title={AmbigQA: Answering ambiguous open-domain questions},
  author={Min, Sewon and Michael, Julian and Hajishirzi, Hannaneh and Zettlemoyer, Luke},
  journal={arXiv preprint arXiv:2004.10645},
  year={2020}
}

@article{asai2019learning,
  title={Learning to retrieve reasoning paths over wikipedia graph for question answering},
  author={Asai, Akari and Hashimoto, Kazuma and Hajishirzi, Hannaneh and Socher, Richard and Xiong, Caiming},
  journal={arXiv preprint arXiv:1911.10470},
  year={2019}
}

@article{mao2020generation,
  title={Generation-augmented retrieval for open-domain question answering},
  author={Mao, Yuning and He, Pengcheng and Liu, Xiaodong and Shen, Yelong and Gao, Jianfeng and Han, Jiawei and Chen, Weizhu},
  journal={arXiv preprint arXiv:2009.08553},
  year={2020}
}

@article{izacard2020leveraging,
  title={Leveraging passage retrieval with generative models for open domain question answering},
  author={Izacard, Gautier and Grave, Edouard},
  journal={arXiv preprint arXiv:2007.01282},
  year={2020}
}

@article{lewis2020retrieval,
  title={Retrieval-augmented generation for knowledge-intensive nlp tasks},
  author={Lewis, Patrick and Perez, Ethan and Piktus, Aleksandara and Petroni, Fabio and Karpukhin, Vladimir and Goyal, Naman and K{\"u}ttler, Heinrich and Lewis, Mike and Yih, Wen-tau and Rockt{\"a}schel, Tim and others},
  journal={arXiv preprint arXiv:2005.11401},
  year={2020}
}

@article{roberts2020much,
  title={How Much Knowledge Can You Pack Into the Parameters of a Language Model?},
  author={Roberts, Adam and Raffel, Colin and Shazeer, Noam},
  journal={arXiv preprint arXiv:2002.08910},
  year={2020}
}

@article{min2019discrete,
  title={A discrete hard EM approach for weakly supervised question answering},
  author={Min, Sewon and Chen, Danqi and Hajishirzi, Hannaneh and Zettlemoyer, Luke},
  journal={arXiv preprint arXiv:1909.04849},
  year={2019}
}

@article{seo2019real,
  title={Real-time open-domain question answering with dense-sparse phrase index},
  author={Seo, Minjoon and Lee, Jinhyuk and Kwiatkowski, Tom and Parikh, Ankur P and Farhadi, Ali and Hajishirzi, Hannaneh},
  journal={arXiv preprint arXiv:1906.05807},
  year={2019}
}
@article{JDH17,
	title={Billion-scale similarity search with GPUs},
	author={Johnson, Jeff and Douze, Matthijs and J{\'e}gou, Herv{\'e}},
	journal={arXiv preprint arXiv:1702.08734},
	year={2017}
}
@article{nguyen2020phobert,
	title={PhoBERT: Pre-trained language models for Vietnamese},
	author={Nguyen, Dat Quoc and Nguyen, Anh Tuan},
	journal={arXiv preprint arXiv:2003.00744},
	year={2020}
}
@article{kingma2014adam,
	title={Adam: A method for stochastic optimization},
	author={Kingma, Diederik P and Ba, Jimmy},
	journal={arXiv preprint arXiv:1412.6980},
	year={2014}
}